@article{alamouti1998simple,
  title={A simple transmit diversity technique for wireless communications},
  author={Alamouti, Siavash M},
  journal={Selected Areas in Communications, IEEE Journal on},
  volume={16},
  number={8},
  pages={1451--1458},
  year={1998},
  publisher={IEEE}
}